%
%  =======================================================================
%  ····Y88b···d88P················888b·····d888·d8b·······················
%  ·····Y88b·d88P·················8888b···d8888·Y8P·······················
%  ······Y88o88P··················88888b·d88888···························
%  ·······Y888P··8888b···88888b···888Y88888P888·888·88888b·····d88b·······
%  ········888······"88b·888·"88b·888·Y888P·888·888·888·"88b·d88P"88b·····
%  ········888···d888888·888··888·888··Y8P··888·888·888··888·888··888·····
%  ········888··888··888·888··888·888···"···888·888·888··888·Y88b·888·····
%  ········888··"Y888888·888··888·888·······888·888·888··888··"Y88888·····
%  ·······························································888·····
%  ··························································Y8b·d88P·····
%  ···························································"Y88P"······
%  =======================================================================
% 
%  -----------------------------------------------------------------------
% Author       : 焱铭
% Date         : 2024-04-17 20:49:49 +0800
% LastEditTime : 2025-10-26 17:37:54 +0800
% Github       : https://github.com/YanMing-lxb/
% FilePath     : /GUET_Thesis_LaTeX/References/References.bib
% Description  : 
%  -----------------------------------------------------------------------
%

@online{中华人民共和国公安部_2501,
  title = {全国机动车保有量达4.53亿辆驾驶人达5.42亿人},
  author = {{人民公安报}},
  organization = {{中华人民共和国公安部}},
  date = {2025-01-18},
  url = {https://www.mps.gov.cn/n2254314/n6409334/c9939035/content.html},
  urldate = {2025-10-26},
  language = {zh}
}


@article{Lau_2022,
  title = {Recent {{Advances}} and {{Trends}} in {{Advanced Packaging}}},
  author = {Lau, John H.},
  date = {2022-02},
  journaltitle = {IEEE Transactions on Components, Packaging and Manufacturing Technology},
  shortjournal = {IEEE Trans. Compon., Packag. Manufact. Technol.},
  volume = {12},
  number = {2},
  pages = {228--252},
  issn = {2156-3950, 2156-3985},
  doi = {10.1109/TCPMT.2022.3144461},
  language = {en},
  keywords = {先进封装},
}

@article{Sadique.Murtaza.ea_2022,
  title = {Heat Transfer Augmentation in Microchannel Heat Sink Using Secondary Flows: {{A}} Review},
  shorttitle = {Heat Transfer Augmentation in Microchannel Heat Sink Using Secondary Flows},
  author = {Sadique, Hussam and Murtaza, Qasim and {Samsher}},
  date = {2022-09-15},
  journaltitle = {International Journal of Heat and Mass Transfer},
  shortjournal = {Int. J. Heat Mass Transfer},
  volume = {194},
  pages = {123063},
  issn = {0017-9310},
  doi = {10.1016/j.ijheatmasstransfer.2022.123063},
  language = {en},
  keywords = {微电子器件发展趋势},
}

@thesis{LuSiHong_2021,
  type = {硕士},
  title = {均温散热微小通道的结构研究},
  author = {{吕嗣鸿}},
  editora = {{王皓}},
  editoratype = {collaborator},
  date = {2021},
  institution = {{电子科技大学}},
  url = {https://kns.cnki.net/KCMS/detail/detail.aspx?dbcode=CMFD&dbname=CMFD202201&filename=1021747500.nh&v=},
  language = {zh-CN}
}

@article{Tan.Du.ea_2021,
  title = {Investigation on the Temperature Distribution in the Two-Phase Spider Netted Microchannel Network Heat Sink with Non-Uniform Heat Flux},
  author = {Tan, Hui and Du, Pingan and Zong, Kuan and Meng, Guangyao and Gao, Xin and Li, Yang},
  date = {2021-11},
  journaltitle = {International Journal of Thermal Sciences},
  shortjournal = {Int J Therm Sci},
  volume = {169},
  pages = {107079},
  issn = {12900729},
  doi = {10.1016/j.ijthermalsci.2021.107079},
  language = {en},
  keywords = {沸腾传热,流道构型}
}

@inproceedings{Ying2018,
author = {Ying, Rex and He, Ruining and Chen, Kaifeng and Eksombatchai, Pong and Hamilton, William L. and Leskovec, Jure},
title = {Graph Convolutional Neural Networks for Web-Scale Recommender Systems},
year = {2018},
isbn = {9781450355520},
publisher = {Association for Computing Machinery},
address = {New York, NY, USA},
url = {https://doi.org/10.1145/3219819.3219890},
doi = {10.1145/3219819.3219890},
booktitle = {Proceedings of the 24th ACM SIGKDD International Conference on Knowledge Discovery & Data Mining},
pages = {974–983},
numpages = {10},
keywords = {deep learning, graph convolutional networks, recommender systems, scalability},
location = {London, United Kingdom},
series = {KDD '18}
}

@inproceedings{redmonYOLO9000,
title = {{{YOLO9000}}: Better, Faster, Stronger},
shorttitle = {{{YOLO9000}}},
booktitle = {Proceedings of the {{IEEE}} Conference on Computer Vision and Pattern Recognition},
author = {Redmon, Joseph and Farhadi, Ali},
date = {2017},
pages = {7263--7271},
url = {http://openaccess.thecvf.com/content_cvpr_2017/html/Redmon_YOLO9000_Better_Faster_CVPR_2017_paper.html},
urldate = {2024-04-14}
}